<collection xmlns="http://www.loc.gov/MARC21/slim">
<record>
  <leader>01719nam0a22003371i 450 </leader>
  <controlfield tag="001">IT\ICCU\CNCE\029621</controlfield>
  <controlfield tag="005">20130311000000.0</controlfield>
  <datafield tag="012" ind1=" " ind2=" ">
    <subfield code="a">u*o. tee. t.im meid (3) 1513 (A)</subfield>
    <subfield code="2">fei</subfield>
  </datafield>
  <datafield tag="100" ind1=" " ind2=" ">
    <subfield code="a">19971121d1513        0itac0103    ba</subfield>
  </datafield>
  <datafield tag="101" ind1=" " ind2=" ">
    <subfield code="a">LAT</subfield>
  </datafield>
  <datafield tag="102" ind1=" " ind2=" ">
    <subfield code="a">IT</subfield>
  </datafield>
  <datafield tag="200" ind1="1" ind2=" ">
    <subfield code="a">Luminare maius. Cinthius ut totum radiis illuminat orbem. Illuminat latebras sic medicina tuas. Lumen apothecariorum</subfield>
  </datafield>
  <datafield tag="210" ind1=" " ind2=" ">
    <subfield code="e">In inclita ciuitate Venetiarum</subfield>
    <subfield code="g">per Gregorium de Gregoriis</subfield>
    <subfield code="h">1513</subfield>
  </datafield>
  <datafield tag="215" ind1=" " ind2=" ">
    <subfield code="a">77, \2!</subfield>
    <subfield code="d">fol</subfield>
  </datafield>
  <datafield tag="423" ind1=" " ind2="0">
    <subfield code="1">001IT\ICCU\CNCE\065966</subfield>
    <subfield code="1">2001 </subfield>
    <subfield code="a">Lumen apothecariorum</subfield>
  </datafield>
  <datafield tag="620" ind1=" " ind2=" ">
    <subfield code="a">IT</subfield>
    <subfield code="d">Venezia</subfield>
  </datafield>
  <datafield tag="700" ind1=" " ind2="1">
    <subfield code="a">Manlio,</subfield>
    <subfield code="b">Giovanni Giacomo</subfield>
    <subfield code="3">IT\ICCU\CNCA\010031</subfield>
  </datafield>
  <datafield tag="702" ind1=" " ind2="1">
    <subfield code="a">De_Augustis,</subfield>
    <subfield code="b">Quirico</subfield>
    <subfield code="3">IT\ICCU\CNCA\004649</subfield>
  </datafield>
  <datafield tag="712" ind1="0" ind2="0">
    <subfield code="a">De_Gregori, Gregorio</subfield>
    <subfield code="3">IT\ICCU\CNCT\000087</subfield>
    <subfield code="4">650</subfield>
  </datafield>
  <datafield tag="790" ind1=" " ind2="1">
    <subfield code="a">Dal_Bosco,</subfield>
    <subfield code="b">Giovanni Jacopo Manlio</subfield>
    <subfield code="3">IT\ICCU\CNCA\015817</subfield>
    <subfield code="z">Manlio, Giovanni Giacomo</subfield>
  </datafield>
  <datafield tag="790" ind1=" " ind2="1">
    <subfield code="a">Bosco,</subfield>
    <subfield code="b">Giovanni Jacopo Manlio : dal</subfield>
    <subfield code="3">IT\ICCU\CNCA\020739</subfield>
    <subfield code="z">Manlio, Giovanni Giacomo</subfield>
  </datafield>
  <datafield tag="790" ind1=" " ind2="1">
    <subfield code="a">Augustis,</subfield>
    <subfield code="b">Quiricus : de</subfield>
    <subfield code="3">IT\ICCU\CNCA\013702</subfield>
    <subfield code="z">De_Augustis, Quirico</subfield>
  </datafield>
  <datafield tag="790" ind1=" " ind2="1">
    <subfield code="a">Augusto,</subfield>
    <subfield code="b">Quirico</subfield>
    <subfield code="3">IT\ICCU\CNCA\018354</subfield>
    <subfield code="z">De_Augustis, Quirico</subfield>
  </datafield>
  <datafield tag="790" ind1=" " ind2="1">
    <subfield code="a">Augusti,</subfield>
    <subfield code="b">Quirico : de</subfield>
    <subfield code="3">IT\ICCU\CNCA\018355</subfield>
    <subfield code="z">De_Augustis, Quirico</subfield>
  </datafield>
  <datafield tag="790" ind1=" " ind2="1">
    <subfield code="a">Augusti,</subfield>
    <subfield code="b">Quirico : degli</subfield>
    <subfield code="3">IT\ICCU\CNCA\022737</subfield>
    <subfield code="z">De_Augustis, Quirico</subfield>
  </datafield>
  <datafield tag="790" ind1=" " ind2="1">
    <subfield code="a">Augustus,</subfield>
    <subfield code="b">Quiricus</subfield>
    <subfield code="3">IT\ICCU\CNCA\022739</subfield>
    <subfield code="z">De_Augustis, Quirico</subfield>
  </datafield>
  <datafield tag="791" ind1="0" ind2="0">
    <subfield code="a">Gregoriis, Gregorius de</subfield>
    <subfield code="3">IT\ICCU\CNCT\003749</subfield>
    <subfield code="z">De_Gregori, Gregorio</subfield>
  </datafield>
  <datafield tag="791" ind1="0" ind2="0">
    <subfield code="a">Gregori, Gregorio de</subfield>
    <subfield code="3">IT\ICCU\CNCT\004572</subfield>
    <subfield code="z">De_Gregori, Gregorio</subfield>
  </datafield>
  <datafield tag="791" ind1="0" ind2="0">
    <subfield code="a">Grigorii, Gregorio de</subfield>
    <subfield code="3">IT\ICCU\CNCT\004573</subfield>
    <subfield code="z">De_Gregori, Gregorio</subfield>
  </datafield>
  <datafield tag="801" ind1=" " ind2="3">
    <subfield code="a">IT</subfield>
    <subfield code="b">ICCU</subfield>
    <subfield code="c">20201114</subfield>
  </datafield>
  <datafield tag="899" ind1=" " ind2=" ">
    <subfield code="a">Biblioteca del Seminario maggiore. Bressanone</subfield>
    <subfield code="1">BZ0013</subfield>
    <subfield code="2">ZBZ 05</subfield>
  </datafield>
</record>
</collection>
